<record><leader>00000cas a22000007a 4500</leader><controlfield tag="001">7711970</controlfield><controlfield tag="008">810828d18631864mauwr ne      0   a0eng d</controlfield><controlfield tag="009">551</controlfield><datafield ind1=" " ind2=" " tag="010"><subfield code="a">sn 96094917 </subfield></datafield><datafield ind1=" " ind2=" " tag="040"><subfield code="a">BTI</subfield><subfield code="c">BTI</subfield><subfield code="d">RHN</subfield><subfield code="d">NVK</subfield><subfield code="d">MGN</subfield><subfield code="d">OCL</subfield><subfield code="d">OCLCQ</subfield></datafield><datafield ind1=" " ind2=" " tag="043"><subfield code="a">n-us-ma</subfield></datafield><datafield ind1=" " ind2="4" tag="050"><subfield code="a">BX9901</subfield></datafield><datafield ind1="0" ind2="0" tag="245"><subfield code="a">Trumpet and freeman.</subfield></datafield><datafield ind1="1" ind2="7" tag="246"><subfield code="a">Trumpet and Christian freeman</subfield></datafield><datafield ind1=" " ind2=" " tag="260"><subfield code="a">Boston, Mass. :</subfield><subfield code="b">New England Universalist Pub. House</subfield></datafield><datafield ind1=" " ind2=" " tag="300"><subfield code="a">v. ;</subfield><subfield code="c">61 cm.</subfield></datafield><datafield ind1="0" ind2=" " tag="362"><subfield code="a">Vol. 1, no. 38 (Jan. 10, 1863)-v. 2, no. 54 (Apr. 30, 1864).</subfield></datafield><datafield ind1=" " ind2="0" tag="650"><subfield code="a">Universalism</subfield><subfield code="z">Massachusetts</subfield><subfield code="v">Newspapers.</subfield></datafield><datafield ind1=" " ind2="0" tag="651"><subfield code="a">Boston (Mass.)</subfield><subfield code="v">Newspapers.</subfield></datafield><datafield ind1=" " ind2=" " tag="752"><subfield code="a">United States</subfield><subfield code="b">Massachusetts</subfield><subfield code="c">Suffolk</subfield><subfield code="d">Boston.</subfield></datafield><datafield ind1="0" ind2="0" tag="780"><subfield code="t">Trumpet and Christian freeman</subfield><subfield code="w">(DLC)sn 92064207</subfield><subfield code="w">(OCoLC)7711960</subfield></datafield><datafield ind1="0" ind2="0" tag="785"><subfield code="t">Universalist (Boston, Mass. : 1864)</subfield><subfield code="w">(DLC)sn 97067086</subfield><subfield code="w">(OCoLC)7788036</subfield></datafield><datafield ind1=" " ind2=" " tag="936"><subfield code="a">Apr. 30, 1864</subfield></datafield></record>